@misc{ wiki:xxx,
	author = "Wikipedia",
	title = "LaTeX --- Wikipedia{,} The Free Encyclopedia",
	year = "2011",
	url = "\url{https://en.wikipedia.org/w/index.php?title=LaTeX&oldid=413720397}",
	note = "[Online; accessed 10-May-2017]"
} 
@misc{matlabwrapper,
	author = "Dirk-Jan Kroon",
	title = "Kinect Matlab -  File Exchange - MATLAB Central",
	year = "2013",
	howpublished = "\url{https://www.mathworks.com/matlabcentral/fileexchange/30242-kinect-matlab}",
	note = "[Online; accessed 05-Jun-2017]"
}
@manual{ wsgmanual,
	author = "Weiss-Robotics",
	title = "WSG Command Set Reference Manual",
	year = "2015",
	howpublished ="\url{https://www.weiss-robotics.com/wp-content/uploads/wsg_gcl_reference_manual-4-0-0.pdf}",
	note = "[\href{https://www.weiss-robotics.com/wp-content/uploads/wsg_gcl_reference_manual-4-0-0.pdf}{Online}; accessed 05-Jun-2017]"
} 
@article{fren,
	title={Adaptive controller with fuzzy rules emulated structure and its applications},
	author={Treesatayapun, C and Uatrongjit, S},
	journal={Engineering Applications of Artificial Intelligence},
	volume={18},
	number={5},
	pages={603--615},
	year={2005},
	publisher={Elsevier}
}
@article{CDT15,
	title={Data input-output adaptive controller based on IF-THEN rules for a class of non-affine discrete-time systems: The robotic plant},
	author={Treesatayapun, Chidentree},
	journal={Journal of Intelligent \& Fuzzy Systems},
	volume={28},
	number={2},
	pages={661--668},
	year={2015},
	publisher={IOS Press}
}
@article{CDT14,
	title={Adaptive control based on IF--THEN rules for grasping force regulation with unknown contact mechanism},
	author={Treesatayapun, Chidentree},
	journal={Robotics and Computer-Integrated Manufacturing},
	volume={30},
	number={1},
	pages={11--18},
	year={2014},
	publisher={Elsevier}
}
@article{CDT15b,
	title={A data-driven adaptive controller for a class of unknown nonlinear discrete-time systems with estimated PPD},
	author={Treesatayapun, Chidentree},
	journal={Engineering Science and Technology, an International Journal},
	volume={18},
	number={2},
	pages={218--228},
	year={2015},
	publisher={Elsevier}
}
@article{zaharescuobject,
	title={An Object Grasping Literature Survey in Computer Vision and Robotics},
	author={Zaharescu, Andrei}
}
@article{bohg2014data,
	title={Data-driven grasp synthesisâ€”a survey},
	author={Bohg, Jeannette and Morales, Antonio and Asfour, Tamim and Kragic, Danica},
	journal={IEEE Transactions on Robotics},
	volume={30},
	number={2},
	pages={289--309},
	year={2014},
	publisher={IEEE}
}
@inproceedings{el20113d,
	title={3d objects grasps synthesis: A survey},
	author={El-Khoury, S and Sahbani, A and Bidaud, P},
	booktitle={13th World Congress in Mechanism and Machine Science},
	pages={573--583},
	year={2011}
}
@incollection{carlos2013survey,
	title={A Survey on Different Control Techniques for Grasping},
	author={Carlos, Balaguer and Antonio, Gimenez and Alberto, Jard{\'o}n and Ramiro, Cabas and de la Casa Santiago, Martinez},
	booktitle={Grasping in Robotics},
	pages={223--246},
	year={2013},
	publisher={Springer}
}

@article{kaneko1994contact,
	title={Contact point detection for grasping an unknown object using self-posture changeability},
	author={Kaneko, Makoto and Tanie, Kazuo},
	journal={IEEE Transactions on Robotics and Automation},
	volume={10},
	number={3},
	pages={355--367},
	year={1994},
	publisher={IEEE}
}
@article{hosang2016makes,
	title={What makes for effective detection proposals?},
	author={Hosang, Jan and Benenson, Rodrigo and Doll{\'a}r, Piotr and Schiele, Bernt},
	journal={IEEE transactions on pattern analysis and machine intelligence},
	volume={38},
	number={4},
	pages={814--830},
	year={2016},
	publisher={IEEE}
}
@article{fornas2016fitting,
	title={Fitting primitive shapes in point clouds: a practical approach to improve autonomous underwater grasp specification of unknown objects},
	author={Fornas, David and Sales, Jorge and Pe{\~n}alver, A and P{\'e}rez, Javier and Fern{\'a}ndez, Jose Javier and Mar{\'\i}n, R and Sanz, Pedro J},
	journal={Journal of Experimental \& Theoretical Artificial Intelligence},
	volume={28},
	number={1-2},
	pages={369--384},
	year={2016},
	publisher={Taylor \& Francis}
}
@inproceedings{bone2008automated,
	title={Automated modeling and robotic grasping of unknown three-dimensional objects},
	author={Bone, Gary M and Lambert, Andrew and Edwards, Mark},
	booktitle={Robotics and Automation, 2008. ICRA 2008. IEEE International Conference on},
	pages={292--298},
	year={2008},
	organization={IEEE}
}
@inproceedings{bohg2011mind,
	title={Mind the gap-robotic grasping under incomplete observation},
	author={Bohg, Jeannette and Johnson-Roberson, Matthew and Le{\'o}n, Beatriz and Felip, Javier and Gratal, Xavi and Bergstr{\"o}m, Niklas and Kragic, Danica and Morales, Antonio},
	booktitle={Robotics and Automation (ICRA), 2011 IEEE International Conference on},
	pages={686--693},
	year={2011},
	organization={IEEE}
}
@inproceedings{marton2010general,
	title={General 3D modelling of novel objects from a single view},
	author={Marton, Zoltan-Csaba and Pangercic, Dejan and Blodow, Nico and Kleinehellefort, Jonathan and Beetz, Michael},
	booktitle={Intelligent Robots and Systems (IROS), 2010 IEEE/RSJ International Conference on},
	pages={3700--3705},
	year={2010},
	organization={IEEE}
}
@article{allen1993automated,
	title={Automated tracking and grasping of a moving object with a robotic hand-eye system},
	author={Allen, Peter K and Timcenko, Aleksandar and Yoshimi, Billibon and Michelman, Paul},
	journal={IEEE Transactions on Robotics and Automation},
	volume={9},
	number={2},
	pages={152--165},
	year={1993},
	publisher={IEEE}
}
@article{el2010new,
	title={A new strategy combining empirical and analytical approaches for grasping unknown 3D objects},
	author={El-Khoury, Sahar and Sahbani, Anis},
	journal={Robotics and Autonomous Systems},
	volume={58},
	number={5},
	pages={497--507},
	year={2010},
	publisher={Elsevier}
}
@inproceedings{felip2009robust,
	title={Robust sensor-based grasp primitive for a three-finger robot hand},
	author={Felip, Javier and Morales, Antonio},
	booktitle={Intelligent Robots and Systems, 2009. IROS 2009. IEEE/RSJ International Conference on},
	pages={1811--1816},
	year={2009},
	organization={IEEE}
}
@inproceedings{miller2003automatic,
	title={Automatic grasp planning using shape primitives},
	author={Miller, Andrew T and Knoop, Steffen and Christensen, Henrik I and Allen, Peter K},
	booktitle={Robotics and Automation, 2003. Proceedings. ICRA'03. IEEE International Conference on},
	volume={2},
	pages={1824--1829},
	year={2003},
	organization={IEEE}
}
@inproceedings{huebner2008selection,
	title={Selection of robot pre-grasps using box-based shape approximation},
	author={Huebner, Kai and Kragic, Danica},
	booktitle={Intelligent Robots and Systems, 2008. IROS 2008. IEEE/RSJ International Conference on},
	pages={1765--1770},
	year={2008},
	organization={IEEE}
}





































































@inproceedings{rao2010grasping,
	title={Grasping novel objects with depth segmentation},
	author={Rao, Deepak and Le, Quoc V and Phoka, Thanathorn and Quigley, Morgan and Sudsang, Attawith and Ng, Andrew Y},
	booktitle={Intelligent Robots and Systems (IROS), 2010 IEEE/RSJ International Conference on},
	pages={2578--2585},
	year={2010},
	organization={IEEE}
}

@article{saxena2008robotic,
	title={Robotic grasping of novel objects using vision},
	author={Saxena, Ashutosh and Driemeyer, Justin and Ng, Andrew Y},
	journal={The International Journal of Robotics Research},
	volume={27},
	number={2},
	pages={157--173},
	year={2008},
	publisher={Sage Publications Sage UK: London, England}
}

@inproceedings{hawkes2015grasping,
	title={Grasping without squeezing: Shear adhesion gripper with fibrillar thin film},
	author={Hawkes, Elliot W and Christensen, David L and Han, Amy Kyungwon and Jiang, Hao and Cutkosky, Mark R},
	booktitle={Robotics and Automation (ICRA), 2015 IEEE International Conference on},
	pages={2305--2312},
	year={2015},
	organization={IEEE}
}

@article{lenz2015deep,
	title={Deep learning for detecting robotic grasps},
	author={Lenz, Ian and Lee, Honglak and Saxena, Ashutosh},
	journal={The International Journal of Robotics Research},
	volume={34},
	number={4-5},
	pages={705--724},
	year={2015},
	publisher={SAGE Publications Sage UK: London, England}
}

@inproceedings{asif2014model,
	title={Model-free segmentation and grasp selection of unknown stacked objects},
	author={Asif, Umar and Bennamoun, Mohammed and Sohel, Ferdous},
	booktitle={European Conference on Computer Vision},
	pages={659--674},
	year={2014},
	organization={Springer}
}

@article{fischinger2012shape,
	title={Shape based learning for grasping novel objects in cluttered scenes},
	author={Fischinger, David and Vincze, Markus},
	journal={IFAC Proceedings Volumes},
	volume={45},
	number={22},
	pages={787--792},
	year={2012},
	publisher={Elsevier}
}

@inproceedings{saxena2007robotic,
	title={Robotic grasping of novel objects},
	author={Saxena, Ashutosh and Driemeyer, Justin and Kearns, Justin and Ng, Andrew Y},
	booktitle={Advances in neural information processing systems},
	pages={1209--1216},
	year={2007}
}


